@misc{established,
    title           = {Lecture 30 Notes},
    author          = {James Lambers},
    year            = {2009},
    publisher       = {University of Southern Mississippi Mathematics Faculty},
    url             = {https://www.math.usm.edu/lambers/mat460/fall09/lecture30.pdf},
}
